@InProceedings{manning2014,
  author    = {Manning, Christopher D. and  Surdeanu, Mihai  and  Bauer, John  and  Finkel, Jenny  and  Bethard, Steven J. and  McClosky, David},
  title     = {The {Stanford} {CoreNLP} Natural Language Processing Toolkit},
  booktitle = {Proceedings of 52nd Annual Meeting of the Association for Computational Linguistics: System Demonstrations},
  year      = {2014},
  pages     = {55--60},
  url       = {http://www.aclweb.org/anthology/P/P14/P14-5010}
}


@InProceedings{faruqui10,
  author =       {Manaal Faruqui and Sebastian Pad\'o},
  title =        {Training and Evaluating a German Named Entity Recognizer 
                  with Semantic Generalization},
  booktitle = {Proceedings of KONVENS 2010},
  year =         2010,
  address =      {Saarbr\"ucken, Germany}}